@article{erikson2013formalist,
  title={Formalist and relationalist theory in social network analysis},
  author={Erikson, Emily},
  journal={Sociological theory},
  volume={31},
  number={3},
  pages={219--242},
  year={2013}
}

@article{pattison2002neighborhood,
  title={Neighborhood--based models for social networks},
  author={Pattison, Philippa and Robins, Garry},
  journal={Sociological methodology},
  volume={32},
  number={1},
  pages={301--337},
  year={2002}
}

@article{puetz2021taste,
  title={Taste boundaries and friendship preferences: Insights from the formalist approach},
  author={Puetz, Kyle},
  journal={Poetics},
  volume={86},
  pages={101551},
  year={2021}
}

@article{faust1997centrality,
  title={Centrality in affiliation networks},
  author={Faust, Katherine},
  journal={Social networks},
  volume={19},
  number={2},
  pages={157--191},
  year={1997}
}

@article{warde2009anatomy,
  title={The anatomy of cultural omnivorousness: The case of the United Kingdom},
  author={Warde, Alan and Gayo-Cal, Modesto},
  journal={Poetics},
  volume={37},
  number={2},
  pages={119--145},
  year={2009}
}

@article{lizardo2014omnivorousness,
  title={Omnivorousness as the bridging of cultural holes: A measurement strategy},
  author={Lizardo, Omar},
  journal={Theory and Society},
  volume={43},
  pages={395--419},
  year={2014}
}

@article{lizardo2018mutual,
  title={The mutual specification of genres and audiences: Reflective two-mode centralities in person-to-culture data},
  author={Lizardo, Omar},
  journal={Poetics},
  volume={68},
  pages={52--71},
  year={2018}
}

@article{mark2003culture,
  title={Culture and competition: Homophily and distancing explanations for cultural niches},
  author={Mark, Noah P},
  journal={American sociological review},
  volume={68},
  number={3},
  pages={319--345},
  year={2003}
}

@book{le2004geometric,
  title={Geometric data analysis: from correspondence analysis to structured data analysis},
  author={Le Roux, Brigitte and Rouanet, Henry},
  year={2004},
  publisher={Springer Science \& Business Media}
}

@article{le2008class,
  title={Class and cultural division in the UK},
  author={Le Roux, Brigitte and Rouanet, Henry and Savage, Mike and Warde, Alan},
  journal={Sociology},
  volume={42},
  number={6},
  pages={1049--1071},
  year={2008}
}

@article{van2001social,
  title={Social differentiation in musical taste patterns},
  author={Van Eijck, Koen},
  journal={Social forces},
  volume={79},
  number={3},
  pages={1163--1185},
  year={2001}
}

@incollection{robins2005interdependencies,
  title={Interdependencies and social processes: Dependence graphs and generalized dependence structures},
  editor = {P. Carrington and J. Scott and S. Wasserman},
  author={Robins, Garry and Pattison, Philippa},
  booktitle={Models and methods in social network analysis},
  pages={192-},
  year={2005},
  publisher={Cambridge University Press New York}
}

@article{wang2009exponential,
  title={Exponential random graph (p-star) models for affiliation networks},
  author={Wang, Peng and Sharpe, Ken and Robins, Garry L and Pattison, Philippa E},
  journal={Social Networks},
  volume={31},
  number={1},
  pages={12--25},
  year={2009},
  publisher={Elsevier}
}

@article{wang2013exponential,
  title={Exponential random graph model specifications for bipartite networksâ€”A dependence hierarchy},
  author={Wang, Peng and Pattison, Philippa and Robins, Garry},
  journal={Social networks},
  volume={35},
  number={2},
  pages={211--222},
  year={2013},
  publisher={Elsevier}
}

@article{van2008cultural,
  title={Cultural omnivorousness as a combination of highbrow, pop, and folk elements: The relation between taste patterns and attitudes concerning social integration},
  author={Van Eijck, Koen and Lievens, John},
  journal={Poetics},
  volume={36},
  number={2-3},
  pages={217--242},
  year={2008}
}

@article{flemmen2018social,
  title={Social space and cultural class divisions: The forms of capital and contemporary lifestyle differentiation},
  author={Flemmen, Magne and Jarness, Vegard and Rosenlund, Lennart},
  journal={The British journal of sociology},
  volume={69},
  number={1},
  pages={124--153},
  year={2018}
}

@book{bourdieu1984distinction,
  title={Distinction},
  author={Bourdieu, Pierre},
  year={1984},
  publisher={Harvard University Press}
}

@article{dellaposta2015liberals,
  title={Why do liberals drink lattes?},
  author={DellaPosta, Daniel and Shi, Yongren and Macy, Michael},
  journal={American Journal of Sociology},
  volume={120},
  number={5},
  pages={1473--1511},
  year={2015}
}